@article{sanches2013unconstrained,
  title={Unconstrained vector nonlinear dynamic shell formulation applied to fluid structure interaction},
  author={Sanches, Rodolfo AK and Coda, Humberto B},
  journal={Computer Methods in Applied Mechanics and Engineering},
  volume={259},
  pages={177--196},
  year={2013},
  publisher={Elsevier}
}
@article{fernandes2019ale,
  title     = {ALE incompressible fluid--shell coupling based on a higher-order auxiliary mesh and positional shell finite element},
  author    = {Fernandes, Jeferson Wilian Dossa and Coda, Humberto Breves and Sanches, Rodolfo Andr{\'e} Kuche},
  journal   = {Computational Mechanics},
  volume    = {63},
  number    = {3},
  pages     = {555--569},
  year      = {2019},
  publisher = {Springer}
}
@article{sanches2014fluid,
  title     = {On fluid--shell coupling using an arbitrary Lagrangian--Eulerian fluid solver coupled to a positional Lagrangian shell solver},
  author    = {Sanches, Rodolfo Andr{\'e} Kuche and Coda, Humberto Breves},
  journal   = {Applied Mathematical Modelling},
  volume    = {38},
  number    = {14},
  pages     = {3401--3418},
  year      = {2014},
  publisher = {Elsevier}
}
@article{hughes1981nonlinear,
  title     = {Nonlinear finite element analysis of shells: Part I. Three-dimensional shells},
  author    = {Hughes, Thomas JR and Liu, Wing Kam},
  journal   = {Computer methods in applied mechanics and engineering},
  volume    = {26},
  number    = {3},
  pages     = {331--362},
  year      = {1981},
  publisher = {Elsevier}
}
@article{argyris1982excursion,
  title     = {An excursion into large rotations},
  author    = {Argyris, John},
  journal   = {Computer methods in applied mechanics and engineering},
  volume    = {32},
  number    = {1-3},
  pages     = {85--155},
  year      = {1982},
  publisher = {Elsevier}
}
@article{ibrahimbegovic2002role,
  title     = {On the role of frame-invariance in structural mechanics models at finite rotations},
  author    = {Ibrahimbegovic, Adnan and Taylor, Robert L},
  journal   = {Computer methods in applied mechanics and engineering},
  volume    = {191},
  number    = {45},
  pages     = {5159--5176},
  year      = {2002},
  publisher = {Elsevier}
}
@article{pimenta2004fully,
  title     = {A fully nonlinear multi-parameter shell model with thickness variation and a triangular shell finite element},
  author    = {Pimenta, PM and Campello, EMB and Wriggers, P},
  journal   = {Computational Mechanics},
  volume    = {34},
  number    = {3},
  pages     = {181--193},
  year      = {2004},
  publisher = {Springer}
}
@article{battini2006choice,
  title     = {On the choice of the linear element for corotational triangular shells},
  author    = {Battini, Jean-Marc and Pacoste, Costin},
  journal   = {Computer methods in applied mechanics and engineering},
  volume    = {195},
  number    = {44-47},
  pages     = {6362--6377},
  year      = {2006},
  publisher = {Elsevier}
}
@article{pimenta2008exact,
  title     = {An exact conserving algorithm for nonlinear dynamics with rotational DOFs and general hyperelasticity. Part 1: Rods},
  author    = {Pimenta, Paulo de Mattos and Campello, Eduardo de Morais Barreto and Wriggers, P24254661163},
  journal   = {Computational Mechanics},
  volume    = {42},
  number    = {5},
  pages     = {715--732},
  year      = {2008},
  publisher = {Springer}
}
@article{coda2004simple,
  title     = {A simple FEM formulation for large deflection 2D frame analysis based on position description},
  author    = {Coda, Humberto Breves and Greco, Marcelo},
  journal   = {Computer methods in applied mechanics and engineering},
  volume    = {193},
  number    = {33-35},
  pages     = {3541--3557},
  year      = {2004},
  publisher = {Elsevier}
}
@article{coda2007alternative,
  title     = {An alternative positional FEM formulation for geometrically non-linear analysis of shells: curved triangular isoparametric elements},
  author    = {Coda, Humberto Breves and Paccola, Rodrigo Ribeiro},
  journal   = {Computational Mechanics},
  volume    = {40},
  number    = {1},
  pages     = {185--200},
  year      = {2007},
  publisher = {Springer}
}
@article{coda2010improved,
  title     = {Improved finite element for 3D laminate frame analysis including warping for any cross-section},
  author    = {Coda, Humberto Breves and Paccola, Rodrigo Ribeiro},
  journal   = {Applied Mathematical Modelling},
  volume    = {34},
  number    = {4},
  pages     = {1107--1137},
  year      = {2010},
  publisher = {Elsevier}
}
@article{coda2009two,
  title   = {Two dimensional analysis of inflatable structures by the positional FEM},
  author  = {Coda, Humberto Breves},
  journal = {Latin American Journal of Solids and Structures},
  volume  = {6},
  number  = {3},
  pages   = {187{\^A}--212},
  year    = {2009}
}
@article{coda2009unconstrained,
  title     = {Unconstrained finite element for geometrical nonlinear dynamics of shells},
  author    = {Coda, Humberto Breves and Paccola, Rodrigo Ribeiro},
  journal   = {Mathematical problems in engineering},
  volume    = {2009},
  year      = {2009},
  publisher = {Hindawi}
}
@article{carrazedo2010alternative,
  title     = {Alternative positional FEM applied to thermomechanical impact of truss structures},
  author    = {Carrazedo, Rog{\'e}rio and Coda, Humberto Breves},
  journal   = {Finite Elements in Analysis and Design},
  volume    = {46},
  number    = {11},
  pages     = {1008--1016},
  year      = {2010},
  publisher = {Elsevier}
}
@article{karagiozis2011computational,
  title     = {A computational study of supersonic disk-gap-band parachutes using large-eddy simulation coupled to a structural membrane},
  author    = {Karagiozis, K and Kamakoti, R and Cirak, F and Pantano, C},
  journal   = {Journal of Fluids and Structures},
  volume    = {27},
  number    = {2},
  pages     = {175--192},
  year      = {2011},
  publisher = {Elsevier}
}
@article{bazilevs20113d,
  title     = {3D simulation of wind turbine rotors at full scale. Part I: Geometry modeling and aerodynamics},
  author    = {Bazilevs, Yuri and Hsu, M-C and Akkerman, I and Wright, S and Takizawa, K and Henicke, B and Spielman, T and Tezduyar, TE05837895},
  journal   = {International journal for numerical methods in fluids},
  volume    = {65},
  number    = {1-3},
  pages     = {207--235},
  year      = {2011},
  publisher = {Wiley Online Library}
}
@book{malvern1969introduction,
  title  = {Introduction to the Mechanics of a Continuous Medium},
  author = {Malvern, Lawrence E},
  number = {Monograph},
  year   = {1969}
}
@book{lai2009introduction,
  title     = {Introduction to continuum mechanics},
  author    = {Lai, W Michael and Rubin, David H and Rubin, David and Krempl, Erhard},
  year      = {2009},
  publisher = {Butterworth-Heinemann}
}
@book{irgens2008continuum,
  title     = {Continuum mechanics},
  author    = {Irgens, Fridtjov},
  year      = {2008},
  publisher = {Springer Science \& Business Media}
}
@book{mase2009continuum,
  title     = {Continuum mechanics for engineers},
  author    = {Mase, G Thomas and Smelser, Ronald E and Mase, George E},
  year      = {2009},
  publisher = {CRC press}
}
@phdthesis{fernandes2020tecnica,
  title={T{\'e}cnica de superposi{\c{c}}{\~a}o de modelos estabilizada para an{\'a}lise de intera{\c{c}}{\~a}o fluido-estrutura},
  author={Fernandes, Jeferson Wilian Dossa},
  year={2020},
  school={Universidade de S{\~a}o Paulo}
}